<record xmlns:xsi="http://www.w3.org/2001/XMLSchema-instance" xmlns="http://www.loc.gov/MARC21/slim" xsi:schemaLocation="http://www.loc.gov/MARC21/slim http://www.loc.gov/standards/marcxml/schema/MARC21slim.xsd">

  <leader>00781nam a2200193Ia 4500</leader>
  <datafield ind2=" " ind1=" " tag="999">
    <subfield code="c">728</subfield>
    <subfield code="d">728</subfield>
  </datafield>
  <controlfield tag="008">170518b2010    es ||||| |||| 00| | spa d</controlfield>
  <datafield ind2=" " ind1=" " tag="020">
    <subfield code="a">9789992389379</subfield>
  </datafield>
  <datafield ind2=" " ind1=" " tag="090">
    <subfield code="a">13.07.01 </subfield>
    <subfield code="b">1903</subfield>
  </datafield>
  <datafield tag="100" ind2=" " ind1="1">
    <subfield code="a">Gindling, T.H.</subfield>
    <subfield code="9">2804</subfield>
  </datafield>
  <datafield tag="245" ind2="0" ind1="1">
    <subfield code="a">Reforzar el cumplimiento de los salarios mínimos en Costa Rica / </subfield>
    <subfield code="c">T.H. Gindling, Juan Diego Trejos</subfield>
  </datafield>
  <datafield tag="260" ind2=" " ind1=" ">
    <subfield code="a">El Salvador : </subfield>
    <subfield code="b">Departamento de Estudios Económicos y Sociales (DEES), </subfield>
    <subfield code="c">2010</subfield>
  </datafield>
  <datafield ind2=" " ind1=" " tag="300">
    <subfield code="a">84 páginas</subfield>
  </datafield>
  <datafield ind1=" " ind2=" " tag="500">
    <subfield code="a">Proyecto "El impacto del salario mínimo en los mercados laborales de Centroamérica: Un análisis comparativo de Costa Rica, El Salvador y Nicaragua"</subfield>
  </datafield>
  <datafield tag="650" ind1="1" ind2="4">
    <subfield code="a">SALARIO MÍNIMO</subfield>
    <subfield code="9">2805</subfield>
  </datafield>
  <datafield ind2="4" ind1="1" tag="650">
    <subfield code="a">ASPECTOS LEGALES</subfield>
    <subfield code="9">2193</subfield>
  </datafield>
  <datafield tag="651" ind2="4" ind1=" ">
    <subfield code="a">COSTA RICA</subfield>
    <subfield code="9">47</subfield>
  </datafield>
  <datafield tag="700" ind1="1" ind2=" ">
    <subfield code="a">Trejos, Juan Diego</subfield>
    <subfield code="9">2806</subfield>
  </datafield>
  <datafield ind1=" " ind2=" " tag="942">
    <subfield code="2">z</subfield>
    <subfield code="c">01</subfield>
  </datafield>
</record>